%YAML 1.1
%TAG !u! tag:unity3d.com,2011:
--- !u!29 &1
SceneSettings:
  m_ObjectHideFlags: 0
  m_PVSData: 
  m_PVSObjectsArray: []
  m_PVSPortalsArray: []
  m_OcclusionBakeSettings:
    smallestOccluder: 5
    smallestHole: .25
    backfaceThreshold: 100
--- !u!104 &2
RenderSettings:
  m_ObjectHideFlags: 0
  serializedVersion: 6
  m_Fog: 0
  m_FogColor: {r: .5, g: .5, b: .5, a: 1}
  m_FogMode: 3
  m_FogDensity: .00999999978
  m_LinearFogStart: 0
  m_LinearFogEnd: 300
  m_AmbientSkyColor: {r: .211999997, g: .226999998, b: .259000003, a: 1}
  m_AmbientEquatorColor: {r: .114, g: .125, b: .133000001, a: 1}
  m_AmbientGroundColor: {r: .0469999984, g: .0430000015, b: .0350000001, a: 1}
  m_AmbientIntensity: 1
  m_AmbientMode: 3
  m_SkyboxMaterial: {fileID: 0}
  m_HaloStrength: .5
  m_FlareStrength: 1
  m_FlareFadeSpeed: 3
  m_HaloTexture: {fileID: 0}
  m_SpotCookie: {fileID: 10001, guid: 0000000000000000e000000000000000, type: 0}
  m_DefaultReflectionMode: 0
  m_DefaultReflectionResolution: 128
  m_ReflectionBounces: 1
  m_ReflectionIntensity: 1
  m_CustomReflection: {fileID: 0}
  m_Sun: {fileID: 0}
--- !u!157 &4
LightmapSettings:
  m_ObjectHideFlags: 0
  serializedVersion: 5
  m_GIWorkflowMode: 1
  m_LightmapsMode: 1
  m_GISettings:
    serializedVersion: 2
    m_BounceScale: 1
    m_IndirectOutputScale: 1
    m_AlbedoBoost: 1
    m_TemporalCoherenceThreshold: 1
    m_EnvironmentLightingMode: 0
    m_EnableBakedLightmaps: 0
    m_EnableRealtimeLightmaps: 0
  m_LightmapEditorSettings:
    serializedVersion: 3
    m_Resolution: 2
    m_BakeResolution: 40
    m_TextureWidth: 1024
    m_TextureHeight: 1024
    m_AOMaxDistance: 1
    m_Padding: 2
    m_CompAOExponent: 0
    m_LightmapParameters: {fileID: 0}
    m_TextureCompression: 1
    m_FinalGather: 0
    m_FinalGatherRayCount: 1024
    m_ReflectionCompression: 2
  m_LightmapSnapshot: {fileID: 0}
  m_RuntimeCPUUsage: 25
--- !u!196 &5
NavMeshSettings:
  serializedVersion: 2
  m_ObjectHideFlags: 0
  m_BuildSettings:
    serializedVersion: 2
    agentRadius: .5
    agentHeight: 2
    agentSlope: 45
    agentClimb: .400000006
    ledgeDropHeight: 0
    maxJumpAcrossDistance: 0
    accuratePlacement: 0
    minRegionArea: 2
    cellSize: .166666672
    manualCellSize: 0
  m_NavMeshData: {fileID: 0}
--- !u!1 &25094801
GameObject:
  m_ObjectHideFlags: 0
  m_PrefabParentObject: {fileID: 0}
  m_PrefabInternal: {fileID: 0}
  serializedVersion: 4
  m_Component:
  - 4: {fileID: 25094803}
  - 108: {fileID: 25094802}
  m_Layer: 0
  m_Name: Directional light
  m_TagString: Untagged
  m_Icon: {fileID: 0}
  m_NavMeshLayer: 0
  m_StaticEditorFlags: 0
  m_IsActive: 1
--- !u!108 &25094802
Light:
  m_ObjectHideFlags: 0
  m_PrefabParentObject: {fileID: 0}
  m_PrefabInternal: {fileID: 0}
  m_GameObject: {fileID: 25094801}
  m_Enabled: 1
  serializedVersion: 6
  m_Type: 1
  m_Color: {r: 1, g: 1, b: 1, a: 1}
  m_Intensity: .230000004
  m_Range: 10
  m_SpotAngle: 30
  m_CookieSize: 10
  m_Shadows:
    m_Type: 0
    m_Resolution: -1
    m_Strength: 1
    m_Bias: .0500000007
    m_NormalBias: .400000006
  m_Cookie: {fileID: 0}
  m_DrawHalo: 0
  m_Flare: {fileID: 0}
  m_RenderMode: 0
  m_CullingMask:
    serializedVersion: 2
    m_Bits: 4294967295
  m_Lightmapping: 4
  m_BounceIntensity: 1
  m_ShadowRadius: 0
  m_ShadowAngle: 0
  m_AreaSize: {x: 1, y: 1}
--- !u!4 &25094803
Transform:
  m_ObjectHideFlags: 0
  m_PrefabParentObject: {fileID: 0}
  m_PrefabInternal: {fileID: 0}
  m_GameObject: {fileID: 25094801}
  m_LocalRotation: {x: .408217937, y: -.234569728, z: .109381676, w: .875426054}
  m_LocalPosition: {x: -.200000003, y: -6.5999999, z: 25.3999996}
  m_LocalScale: {x: .99999994, y: 1, z: 1}
  m_Children: []
  m_Father: {fileID: 0}
  m_RootOrder: 1
--- !u!1 &75267920
GameObject:
  m_ObjectHideFlags: 0
  m_PrefabParentObject: {fileID: 0}
  m_PrefabInternal: {fileID: 0}
  serializedVersion: 4
  m_Component:
  - 4: {fileID: 75267921}
  - 33: {fileID: 75267924}
  - 65: {fileID: 75267923}
  - 23: {fileID: 75267922}
  m_Layer: 0
  m_Name: Cube (7)
  m_TagString: Untagged
  m_Icon: {fileID: 0}
  m_NavMeshLayer: 0
  m_StaticEditorFlags: 0
  m_IsActive: 0
--- !u!4 &75267921
Transform:
  m_ObjectHideFlags: 0
  m_PrefabParentObject: {fileID: 0}
  m_PrefabInternal: {fileID: 0}
  m_GameObject: {fileID: 75267920}
  m_LocalRotation: {x: 0, y: 0, z: 0, w: 1}
  m_LocalPosition: {x: -.170000002, y: 7.30000019, z: .363999963}
  m_LocalScale: {x: .190499276, y: 1, z: .25576973}
  m_Children: []
  m_Father: {fileID: 1957886374}
  m_RootOrder: 9
--- !u!23 &75267922
MeshRenderer:
  m_ObjectHideFlags: 0
  m_PrefabParentObject: {fileID: 0}
  m_PrefabInternal: {fileID: 0}
  m_GameObject: {fileID: 75267920}
  m_Enabled: 1
  m_CastShadows: 1
  m_ReceiveShadows: 1
  m_Materials:
  - {fileID: 2100000, guid: 7b4ed1729eb3542d988afc3fa5b920b7, type: 2}
  m_SubsetIndices: 
  m_StaticBatchRoot: {fileID: 0}
  m_UseLightProbes: 1
  m_ReflectionProbeUsage: 1
  m_ProbeAnchor: {fileID: 0}
  m_ScaleInLightmap: 1
  m_PreserveUVs: 1
  m_ImportantGI: 0
  m_AutoUVMaxDistance: .5
  m_AutoUVMaxAngle: 89
  m_LightmapParameters: {fileID: 0}
  m_SortingLayerID: 0
  m_SortingOrder: 0
--- !u!65 &75267923
BoxCollider:
  m_ObjectHideFlags: 0
  m_PrefabParentObject: {fileID: 0}
  m_PrefabInternal: {fileID: 0}
  m_GameObject: {fileID: 75267920}
  m_Material: {fileID: 0}
  m_IsTrigger: 0
  m_Enabled: 1
  serializedVersion: 2
  m_Size: {x: 1, y: 1, z: 1}
  m_Center: {x: 0, y: 0, z: 0}
--- !u!33 &75267924
MeshFilter:
  m_ObjectHideFlags: 0
  m_PrefabParentObject: {fileID: 0}
  m_PrefabInternal: {fileID: 0}
  m_GameObject: {fileID: 75267920}
  m_Mesh: {fileID: 10202, guid: 0000000000000000e000000000000000, type: 0}
--- !u!4 &76886557 stripped
Transform:
  m_PrefabParentObject: {fileID: 499210, guid: 7f69a2a8097384596ae1560ba3859fa4, type: 2}
  m_PrefabInternal: {fileID: 1686006285}
--- !u!1 &106584368
GameObject:
  m_ObjectHideFlags: 0
  m_PrefabParentObject: {fileID: 0}
  m_PrefabInternal: {fileID: 0}
  serializedVersion: 4
  m_Component:
  - 4: {fileID: 106584372}
  - 33: {fileID: 106584371}
  - 65: {fileID: 106584370}
  - 23: {fileID: 106584369}
  m_Layer: 0
  m_Name: Cube (1)
  m_TagString: Untagged
  m_Icon: {fileID: 0}
  m_NavMeshLayer: 0
  m_StaticEditorFlags: 0
  m_IsActive: 1
--- !u!23 &106584369
MeshRenderer:
  m_ObjectHideFlags: 0
  m_PrefabParentObject: {fileID: 0}
  m_PrefabInternal: {fileID: 0}
  m_GameObject: {fileID: 106584368}
  m_Enabled: 1
  m_CastShadows: 1
  m_ReceiveShadows: 1
  m_Materials:
  - {fileID: 2100000, guid: f1ebd26a2c36a474894c0506ef6a8a54, type: 2}
  m_SubsetIndices: 
  m_StaticBatchRoot: {fileID: 0}
  m_UseLightProbes: 1
  m_ReflectionProbeUsage: 1
  m_ProbeAnchor: {fileID: 0}
  m_ScaleInLightmap: 1
  m_PreserveUVs: 1
  m_ImportantGI: 0
  m_AutoUVMaxDistance: .5
  m_AutoUVMaxAngle: 89
  m_LightmapParameters: {fileID: 0}
  m_SortingLayerID: 0
  m_SortingOrder: 0
--- !u!65 &106584370
BoxCollider:
  m_ObjectHideFlags: 0
  m_PrefabParentObject: {fileID: 0}
  m_PrefabInternal: {fileID: 0}
  m_GameObject: {fileID: 106584368}
  m_Material: {fileID: 0}
  m_IsTrigger: 0
  m_Enabled: 1
  serializedVersion: 2
  m_Size: {x: 1, y: 1, z: 1}
  m_Center: {x: 0, y: 0, z: 0}
--- !u!33 &106584371
MeshFilter:
  m_ObjectHideFlags: 0
  m_PrefabParentObject: {fileID: 0}
  m_PrefabInternal: {fileID: 0}
  m_GameObject: {fileID: 106584368}
  m_Mesh: {fileID: 10202, guid: 0000000000000000e000000000000000, type: 0}
--- !u!4 &106584372
Transform:
  m_ObjectHideFlags: 0
  m_PrefabParentObject: {fileID: 0}
  m_PrefabInternal: {fileID: 0}
  m_GameObject: {fileID: 106584368}
  m_LocalRotation: {x: 0, y: 0, z: 0, w: 1}
  m_LocalPosition: {x: 0, y: 0, z: 0}
  m_LocalScale: {x: 1, y: 1, z: 1}
  m_Children: []
  m_Father: {fileID: 1957886374}
  m_RootOrder: 3
--- !u!1001 &288401161
Prefab:
  m_ObjectHideFlags: 0
  serializedVersion: 2
  m_Modification:
    m_TransformParent: {fileID: 2088709516}
    m_Modifications:
    - target: {fileID: 499210, guid: 7f69a2a8097384596ae1560ba3859fa4, type: 2}
      propertyPath: m_LocalPosition.x
      value: -1.23000002
      objectReference: {fileID: 0}
    - target: {fileID: 499210, guid: 7f69a2a8097384596ae1560ba3859fa4, type: 2}
      propertyPath: m_LocalPosition.y
      value: 9.06999969
      objectReference: {fileID: 0}
    - target: {fileID: 499210, guid: 7f69a2a8097384596ae1560ba3859fa4, type: 2}
      propertyPath: m_LocalPosition.z
      value: -4.88399982
      objectReference: {fileID: 0}
    - target: {fileID: 499210, guid: 7f69a2a8097384596ae1560ba3859fa4, type: 2}
      propertyPath: m_LocalRotation.x
      value: 0
      objectReference: {fileID: 0}
    - target: {fileID: 499210, guid: 7f69a2a8097384596ae1560ba3859fa4, type: 2}
      propertyPath: m_LocalRotation.y
      value: 0
      objectReference: {fileID: 0}
    - target: {fileID: 499210, guid: 7f69a2a8097384596ae1560ba3859fa4, type: 2}
      propertyPath: m_LocalRotation.z
      value: 0
      objectReference: {fileID: 0}
    - target: {fileID: 499210, guid: 7f69a2a8097384596ae1560ba3859fa4, type: 2}
      propertyPath: m_LocalRotation.w
      value: 1
      objectReference: {fileID: 0}
    - target: {fileID: 499210, guid: 7f69a2a8097384596ae1560ba3859fa4, type: 2}
      propertyPath: m_RootOrder
      value: 5
      objectReference: {fileID: 0}
    - target: {fileID: 113000, guid: 7f69a2a8097384596ae1560ba3859fa4, type: 2}
      propertyPath: m_Name
      value: Tracknode (5)
      objectReference: {fileID: 0}
    - target: {fileID: 0}
      propertyPath: m_IsTrigger
      value: 1
      objectReference: {fileID: 0}
    m_RemovedComponents: []
  m_ParentPrefab: {fileID: 100100000, guid: 7f69a2a8097384596ae1560ba3859fa4, type: 2}
  m_IsPrefabParent: 0
--- !u!1 &480172197
GameObject:
  m_ObjectHideFlags: 0
  m_PrefabParentObject: {fileID: 0}
  m_PrefabInternal: {fileID: 0}
  serializedVersion: 4
  m_Component:
  - 4: {fileID: 480172202}
  - 33: {fileID: 480172201}
  - 65: {fileID: 480172200}
  - 23: {fileID: 480172199}
  - 54: {fileID: 480172198}
  m_Layer: 0
  m_Name: Debris
  m_TagString: Untagged
  m_Icon: {fileID: 0}
  m_NavMeshLayer: 0
  m_StaticEditorFlags: 0
  m_IsActive: 0
--- !u!54 &480172198
Rigidbody:
  m_ObjectHideFlags: 0
  m_PrefabParentObject: {fileID: 0}
  m_PrefabInternal: {fileID: 0}
  m_GameObject: {fileID: 480172197}
  serializedVersion: 2
  m_Mass: 1
  m_Drag: 0
  m_AngularDrag: .0500000007
  m_UseGravity: 1
  m_IsKinematic: 0
  m_Interpolate: 0
  m_Constraints: 0
  m_CollisionDetection: 0
--- !u!23 &480172199
MeshRenderer:
  m_ObjectHideFlags: 0
  m_PrefabParentObject: {fileID: 0}
  m_PrefabInternal: {fileID: 0}
  m_GameObject: {fileID: 480172197}
  m_Enabled: 1
  m_CastShadows: 1
  m_ReceiveShadows: 1
  m_Materials:
  - {fileID: 10303, guid: 0000000000000000f000000000000000, type: 0}
  m_SubsetIndices: 
  m_StaticBatchRoot: {fileID: 0}
  m_UseLightProbes: 1
  m_ReflectionProbeUsage: 1
  m_ProbeAnchor: {fileID: 0}
  m_ScaleInLightmap: 1
  m_PreserveUVs: 1
  m_ImportantGI: 0
  m_AutoUVMaxDistance: .5
  m_AutoUVMaxAngle: 89
  m_LightmapParameters: {fileID: 0}
  m_SortingLayerID: 0
  m_SortingOrder: 0
--- !u!65 &480172200
BoxCollider:
  m_ObjectHideFlags: 0
  m_PrefabParentObject: {fileID: 0}
  m_PrefabInternal: {fileID: 0}
  m_GameObject: {fileID: 480172197}
  m_Material: {fileID: 0}
  m_IsTrigger: 0
  m_Enabled: 1
  serializedVersion: 2
  m_Size: {x: 1, y: 1, z: 1}
  m_Center: {x: 0, y: 0, z: 0}
--- !u!33 &480172201
MeshFilter:
  m_ObjectHideFlags: 0
  m_PrefabParentObject: {fileID: 0}
  m_PrefabInternal: {fileID: 0}
  m_GameObject: {fileID: 480172197}
  m_Mesh: {fileID: 10202, guid: 0000000000000000e000000000000000, type: 0}
--- !u!4 &480172202
Transform:
  m_ObjectHideFlags: 0
  m_PrefabParentObject: {fileID: 0}
  m_PrefabInternal: {fileID: 0}
  m_GameObject: {fileID: 480172197}
  m_LocalRotation: {x: 0, y: 0, z: 0, w: 1}
  m_LocalPosition: {x: 7.29357767, y: 5.35245609, z: 2.29370117}
  m_LocalScale: {x: 1, y: 1, z: 1}
  m_Children: []
  m_Father: {fileID: 0}
  m_RootOrder: 4
--- !u!1001 &522011862
Prefab:
  m_ObjectHideFlags: 0
  serializedVersion: 2
  m_Modification:
    m_TransformParent: {fileID: 2088709516}
    m_Modifications:
    - target: {fileID: 499210, guid: 7f69a2a8097384596ae1560ba3859fa4, type: 2}
      propertyPath: m_LocalPosition.x
      value: -1.74000001
      objectReference: {fileID: 0}
    - target: {fileID: 499210, guid: 7f69a2a8097384596ae1560ba3859fa4, type: 2}
      propertyPath: m_LocalPosition.y
      value: 6.78999996
      objectReference: {fileID: 0}
    - target: {fileID: 499210, guid: 7f69a2a8097384596ae1560ba3859fa4, type: 2}
      propertyPath: m_LocalPosition.z
      value: -4.88399982
      objectReference: {fileID: 0}
    - target: {fileID: 499210, guid: 7f69a2a8097384596ae1560ba3859fa4, type: 2}
      propertyPath: m_LocalRotation.x
      value: 0
      objectReference: {fileID: 0}
    - target: {fileID: 499210, guid: 7f69a2a8097384596ae1560ba3859fa4, type: 2}
      propertyPath: m_LocalRotation.y
      value: 0
      objectReference: {fileID: 0}
    - target: {fileID: 499210, guid: 7f69a2a8097384596ae1560ba3859fa4, type: 2}
      propertyPath: m_LocalRotation.z
      value: 0
      objectReference: {fileID: 0}
    - target: {fileID: 499210, guid: 7f69a2a8097384596ae1560ba3859fa4, type: 2}
      propertyPath: m_LocalRotation.w
      value: 1
      objectReference: {fileID: 0}
    - target: {fileID: 499210, guid: 7f69a2a8097384596ae1560ba3859fa4, type: 2}
      propertyPath: m_RootOrder
      value: 8
      objectReference: {fileID: 0}
    - target: {fileID: 113000, guid: 7f69a2a8097384596ae1560ba3859fa4, type: 2}
      propertyPath: m_Name
      value: Tracknode (8)
      objectReference: {fileID: 0}
    - target: {fileID: 0}
      propertyPath: m_IsTrigger
      value: 1
      objectReference: {fileID: 0}
    m_RemovedComponents: []
  m_ParentPrefab: {fileID: 100100000, guid: 7f69a2a8097384596ae1560ba3859fa4, type: 2}
  m_IsPrefabParent: 0
--- !u!4 &522527657 stripped
Transform:
  m_PrefabParentObject: {fileID: 499210, guid: 7f69a2a8097384596ae1560ba3859fa4, type: 2}
  m_PrefabInternal: {fileID: 1737426005}
--- !u!1 &633701885
GameObject:
  m_ObjectHideFlags: 0
  m_PrefabParentObject: {fileID: 0}
  m_PrefabInternal: {fileID: 0}
  serializedVersion: 4
  m_Component:
  - 4: {fileID: 633701886}
  - 33: {fileID: 633701889}
  - 65: {fileID: 633701888}
  - 23: {fileID: 633701887}
  m_Layer: 0
  m_Name: Cube (8)
  m_TagString: Untagged
  m_Icon: {fileID: 0}
  m_NavMeshLayer: 0
  m_StaticEditorFlags: 0
  m_IsActive: 0
--- !u!4 &633701886
Transform:
  m_ObjectHideFlags: 0
  m_PrefabParentObject: {fileID: 0}
  m_PrefabInternal: {fileID: 0}
  m_GameObject: {fileID: 633701885}
  m_LocalRotation: {x: 0, y: 0, z: 0, w: 1}
  m_LocalPosition: {x: -.405999988, y: 7.30000019, z: .363999963}
  m_LocalScale: {x: .0811655372, y: 1, z: .25576973}
  m_Children: []
  m_Father: {fileID: 1957886374}
  m_RootOrder: 10
--- !u!23 &633701887
MeshRenderer:
  m_ObjectHideFlags: 0
  m_PrefabParentObject: {fileID: 0}
  m_PrefabInternal: {fileID: 0}
  m_GameObject: {fileID: 633701885}
  m_Enabled: 1
  m_CastShadows: 1
  m_ReceiveShadows: 1
  m_Materials:
  - {fileID: 2100000, guid: 7b4ed1729eb3542d988afc3fa5b920b7, type: 2}
  m_SubsetIndices: 
  m_StaticBatchRoot: {fileID: 0}
  m_UseLightProbes: 1
  m_ReflectionProbeUsage: 1
  m_ProbeAnchor: {fileID: 0}
  m_ScaleInLightmap: 1
  m_PreserveUVs: 1
  m_ImportantGI: 0
  m_AutoUVMaxDistance: .5
  m_AutoUVMaxAngle: 89
  m_LightmapParameters: {fileID: 0}
  m_SortingLayerID: 0
  m_SortingOrder: 0
--- !u!65 &633701888
BoxCollider:
  m_ObjectHideFlags: 0
  m_PrefabParentObject: {fileID: 0}
  m_PrefabInternal: {fileID: 0}
  m_GameObject: {fileID: 633701885}
  m_Material: {fileID: 0}
  m_IsTrigger: 0
  m_Enabled: 1
  serializedVersion: 2
  m_Size: {x: 1, y: 1, z: 1}
  m_Center: {x: 0, y: 0, z: 0}
--- !u!33 &633701889
MeshFilter:
  m_ObjectHideFlags: 0
  m_PrefabParentObject: {fileID: 0}
  m_PrefabInternal: {fileID: 0}
  m_GameObject: {fileID: 633701885}
  m_Mesh: {fileID: 10202, guid: 0000000000000000e000000000000000, type: 0}
--- !u!1 &720369823
GameObject:
  m_ObjectHideFlags: 0
  m_PrefabParentObject: {fileID: 0}
  m_PrefabInternal: {fileID: 0}
  serializedVersion: 4
  m_Component:
  - 4: {fileID: 720369824}
  - 33: {fileID: 720369827}
  - 65: {fileID: 720369826}
  - 23: {fileID: 720369825}
  m_Layer: 0
  m_Name: Cube (2)
  m_TagString: Untagged
  m_Icon: {fileID: 0}
  m_NavMeshLayer: 0
  m_StaticEditorFlags: 0
  m_IsActive: 0
--- !u!4 &720369824
Transform:
  m_ObjectHideFlags: 0
  m_PrefabParentObject: {fileID: 0}
  m_PrefabInternal: {fileID: 0}
  m_GameObject: {fileID: 720369823}
  m_LocalRotation: {x: 0, y: 0, z: 0, w: 1}
  m_LocalPosition: {x: .270999998, y: 3.29999995, z: .363999993}
  m_LocalScale: {x: .226982236, y: 1, z: .25576973}
  m_Children: []
  m_Father: {fileID: 1957886374}
  m_RootOrder: 4
--- !u!23 &720369825
MeshRenderer:
  m_ObjectHideFlags: 0
  m_PrefabParentObject: {fileID: 0}
  m_PrefabInternal: {fileID: 0}
  m_GameObject: {fileID: 720369823}
  m_Enabled: 1
  m_CastShadows: 1
  m_ReceiveShadows: 1
  m_Materials:
  - {fileID: 2100000, guid: 7b4ed1729eb3542d988afc3fa5b920b7, type: 2}
  m_SubsetIndices: 
  m_StaticBatchRoot: {fileID: 0}
  m_UseLightProbes: 1
  m_ReflectionProbeUsage: 1
  m_ProbeAnchor: {fileID: 0}
  m_ScaleInLightmap: 1
  m_PreserveUVs: 1
  m_ImportantGI: 0
  m_AutoUVMaxDistance: .5
  m_AutoUVMaxAngle: 89
  m_LightmapParameters: {fileID: 0}
  m_SortingLayerID: 0
  m_SortingOrder: 0
--- !u!65 &720369826
BoxCollider:
  m_ObjectHideFlags: 0
  m_PrefabParentObject: {fileID: 0}
  m_PrefabInternal: {fileID: 0}
  m_GameObject: {fileID: 720369823}
  m_Material: {fileID: 0}
  m_IsTrigger: 0
  m_Enabled: 1
  serializedVersion: 2
  m_Size: {x: 1, y: 1, z: 1}
  m_Center: {x: 0, y: 0, z: 0}
--- !u!33 &720369827
MeshFilter:
  m_ObjectHideFlags: 0
  m_PrefabParentObject: {fileID: 0}
  m_PrefabInternal: {fileID: 0}
  m_GameObject: {fileID: 720369823}
  m_Mesh: {fileID: 10202, guid: 0000000000000000e000000000000000, type: 0}
--- !u!1001 &788939292
Prefab:
  m_ObjectHideFlags: 0
  serializedVersion: 2
  m_Modification:
    m_TransformParent: {fileID: 2088709516}
    m_Modifications:
    - target: {fileID: 499210, guid: 7f69a2a8097384596ae1560ba3859fa4, type: 2}
      propertyPath: m_LocalPosition.x
      value: 3.20000005
      objectReference: {fileID: 0}
    - target: {fileID: 499210, guid: 7f69a2a8097384596ae1560ba3859fa4, type: 2}
      propertyPath: m_LocalPosition.y
      value: 10.0699997
      objectReference: {fileID: 0}
    - target: {fileID: 499210, guid: 7f69a2a8097384596ae1560ba3859fa4, type: 2}
      propertyPath: m_LocalPosition.z
      value: -4.88399982
      objectReference: {fileID: 0}
    - target: {fileID: 499210, guid: 7f69a2a8097384596ae1560ba3859fa4, type: 2}
      propertyPath: m_LocalRotation.x
      value: 0
      objectReference: {fileID: 0}
    - target: {fileID: 499210, guid: 7f69a2a8097384596ae1560ba3859fa4, type: 2}
      propertyPath: m_LocalRotation.y
      value: 0
      objectReference: {fileID: 0}
    - target: {fileID: 499210, guid: 7f69a2a8097384596ae1560ba3859fa4, type: 2}
      propertyPath: m_LocalRotation.z
      value: 0
      objectReference: {fileID: 0}
    - target: {fileID: 499210, guid: 7f69a2a8097384596ae1560ba3859fa4, type: 2}
      propertyPath: m_LocalRotation.w
      value: 1
      objectReference: {fileID: 0}
    - target: {fileID: 499210, guid: 7f69a2a8097384596ae1560ba3859fa4, type: 2}
      propertyPath: m_RootOrder
      value: 6
      objectReference: {fileID: 0}
    - target: {fileID: 113000, guid: 7f69a2a8097384596ae1560ba3859fa4, type: 2}
      propertyPath: m_Name
      value: Tracknode (6)
      objectReference: {fileID: 0}
    - target: {fileID: 0}
      propertyPath: m_IsTrigger
      value: 1
      objectReference: {fileID: 0}
    m_RemovedComponents: []
  m_ParentPrefab: {fileID: 100100000, guid: 7f69a2a8097384596ae1560ba3859fa4, type: 2}
  m_IsPrefabParent: 0
--- !u!1 &870903066
GameObject:
  m_ObjectHideFlags: 0
  m_PrefabParentObject: {fileID: 0}
  m_PrefabInternal: {fileID: 0}
  serializedVersion: 4
  m_Component:
  - 4: {fileID: 870903068}
  - 114: {fileID: 870903067}
  m_Layer: 0
  m_Name: DebrisSpawn
  m_TagString: Untagged
  m_Icon: {fileID: 7250588514170254948, guid: 0000000000000000d000000000000000, type: 0}
  m_NavMeshLayer: 0
  m_StaticEditorFlags: 0
  m_IsActive: 1
--- !u!114 &870903067
MonoBehaviour:
  m_ObjectHideFlags: 0
  m_PrefabParentObject: {fileID: 0}
  m_PrefabInternal: {fileID: 0}
  m_GameObject: {fileID: 870903066}
  m_Enabled: 1
  m_EditorHideFlags: 0
  m_Script: {fileID: 11500000, guid: e588ac5d4508940e8977dc2acb53971a, type: 3}
  m_Name: 
  m_EditorClassIdentifier: 
--- !u!4 &870903068
Transform:
  m_ObjectHideFlags: 0
  m_PrefabParentObject: {fileID: 0}
  m_PrefabInternal: {fileID: 0}
  m_GameObject: {fileID: 870903066}
  m_LocalRotation: {x: 0, y: 0, z: 0, w: 1}
  m_LocalPosition: {x: 4.42639112, y: 13.1300001, z: -7.30000019}
  m_LocalScale: {x: 1, y: 1, z: 1}
  m_Children: []
  m_Father: {fileID: 0}
  m_RootOrder: 2
--- !u!1001 &902255706
Prefab:
  m_ObjectHideFlags: 0
  serializedVersion: 2
  m_Modification:
    m_TransformParent: {fileID: 2088709516}
    m_Modifications:
    - target: {fileID: 499210, guid: 7f69a2a8097384596ae1560ba3859fa4, type: 2}
      propertyPath: m_LocalPosition.x
      value: -15.0699997
      objectReference: {fileID: 0}
    - target: {fileID: 499210, guid: 7f69a2a8097384596ae1560ba3859fa4, type: 2}
      propertyPath: m_LocalPosition.y
      value: 2.74052429
      objectReference: {fileID: 0}
    - target: {fileID: 499210, guid: 7f69a2a8097384596ae1560ba3859fa4, type: 2}
      propertyPath: m_LocalPosition.z
      value: -4.88399982
      objectReference: {fileID: 0}
    - target: {fileID: 499210, guid: 7f69a2a8097384596ae1560ba3859fa4, type: 2}
      propertyPath: m_LocalRotation.x
      value: 0
      objectReference: {fileID: 0}
    - target: {fileID: 499210, guid: 7f69a2a8097384596ae1560ba3859fa4, type: 2}
      propertyPath: m_LocalRotation.y
      value: 0
      objectReference: {fileID: 0}
    - target: {fileID: 499210, guid: 7f69a2a8097384596ae1560ba3859fa4, type: 2}
      propertyPath: m_LocalRotation.z
      value: 0
      objectReference: {fileID: 0}
    - target: {fileID: 499210, guid: 7f69a2a8097384596ae1560ba3859fa4, type: 2}
      propertyPath: m_LocalRotation.w
      value: 1
      objectReference: {fileID: 0}
    - target: {fileID: 499210, guid: 7f69a2a8097384596ae1560ba3859fa4, type: 2}
      propertyPath: m_RootOrder
      value: 0
      objectReference: {fileID: 0}
    m_RemovedComponents: []
  m_ParentPrefab: {fileID: 100100000, guid: 7f69a2a8097384596ae1560ba3859fa4, type: 2}
  m_IsPrefabParent: 0
--- !u!1 &973648659
GameObject:
  m_ObjectHideFlags: 0
  m_PrefabParentObject: {fileID: 0}
  m_PrefabInternal: {fileID: 0}
  serializedVersion: 4
  m_Component:
  - 4: {fileID: 973648660}
  - 33: {fileID: 973648663}
  - 65: {fileID: 973648662}
  - 23: {fileID: 973648661}
  m_Layer: 0
  m_Name: Cube (6)
  m_TagString: Untagged
  m_Icon: {fileID: 0}
  m_NavMeshLayer: 0
  m_StaticEditorFlags: 0
  m_IsActive: 0
--- !u!4 &973648660
Transform:
  m_ObjectHideFlags: 0
  m_PrefabParentObject: {fileID: 0}
  m_PrefabInternal: {fileID: 0}
  m_GameObject: {fileID: 973648659}
  m_LocalRotation: {x: 0, y: 0, z: 0, w: 1}
  m_LocalPosition: {x: .0560000017, y: 7.30000019, z: .363999963}
  m_LocalScale: {x: .0965015069, y: 1, z: .25576973}
  m_Children: []
  m_Father: {fileID: 1957886374}
  m_RootOrder: 8
--- !u!23 &973648661
MeshRenderer:
  m_ObjectHideFlags: 0
  m_PrefabParentObject: {fileID: 0}
  m_PrefabInternal: {fileID: 0}
  m_GameObject: {fileID: 973648659}
  m_Enabled: 1
  m_CastShadows: 1
  m_ReceiveShadows: 1
  m_Materials:
  - {fileID: 2100000, guid: 7b4ed1729eb3542d988afc3fa5b920b7, type: 2}
  m_SubsetIndices: 
  m_StaticBatchRoot: {fileID: 0}
  m_UseLightProbes: 1
  m_ReflectionProbeUsage: 1
  m_ProbeAnchor: {fileID: 0}
  m_ScaleInLightmap: 1
  m_PreserveUVs: 1
  m_ImportantGI: 0
  m_AutoUVMaxDistance: .5
  m_AutoUVMaxAngle: 89
  m_LightmapParameters: {fileID: 0}
  m_SortingLayerID: 0
  m_SortingOrder: 0
--- !u!65 &973648662
BoxCollider:
  m_ObjectHideFlags: 0
  m_PrefabParentObject: {fileID: 0}
  m_PrefabInternal: {fileID: 0}
  m_GameObject: {fileID: 973648659}
  m_Material: {fileID: 0}
  m_IsTrigger: 0
  m_Enabled: 1
  serializedVersion: 2
  m_Size: {x: 1, y: 1, z: 1}
  m_Center: {x: 0, y: 0, z: 0}
--- !u!33 &973648663
MeshFilter:
  m_ObjectHideFlags: 0
  m_PrefabParentObject: {fileID: 0}
  m_PrefabInternal: {fileID: 0}
  m_GameObject: {fileID: 973648659}
  m_Mesh: {fileID: 10202, guid: 0000000000000000e000000000000000, type: 0}
--- !u!1001 &1080736651
Prefab:
  m_ObjectHideFlags: 0
  serializedVersion: 2
  m_Modification:
    m_TransformParent: {fileID: 2088709516}
    m_Modifications:
    - target: {fileID: 499210, guid: 7f69a2a8097384596ae1560ba3859fa4, type: 2}
      propertyPath: m_LocalPosition.x
      value: 7.44000006
      objectReference: {fileID: 0}
    - target: {fileID: 499210, guid: 7f69a2a8097384596ae1560ba3859fa4, type: 2}
      propertyPath: m_LocalPosition.y
      value: 9.10999966
      objectReference: {fileID: 0}
    - target: {fileID: 499210, guid: 7f69a2a8097384596ae1560ba3859fa4, type: 2}
      propertyPath: m_LocalPosition.z
      value: -4.88399982
      objectReference: {fileID: 0}
    - target: {fileID: 499210, guid: 7f69a2a8097384596ae1560ba3859fa4, type: 2}
      propertyPath: m_LocalRotation.x
      value: 0
      objectReference: {fileID: 0}
    - target: {fileID: 499210, guid: 7f69a2a8097384596ae1560ba3859fa4, type: 2}
      propertyPath: m_LocalRotation.y
      value: 0
      objectReference: {fileID: 0}
    - target: {fileID: 499210, guid: 7f69a2a8097384596ae1560ba3859fa4, type: 2}
      propertyPath: m_LocalRotation.z
      value: 0
      objectReference: {fileID: 0}
    - target: {fileID: 499210, guid: 7f69a2a8097384596ae1560ba3859fa4, type: 2}
      propertyPath: m_LocalRotation.w
      value: 1
      objectReference: {fileID: 0}
    - target: {fileID: 499210, guid: 7f69a2a8097384596ae1560ba3859fa4, type: 2}
      propertyPath: m_RootOrder
      value: 7
      objectReference: {fileID: 0}
    - target: {fileID: 113000, guid: 7f69a2a8097384596ae1560ba3859fa4, type: 2}
      propertyPath: m_Name
      value: Tracknode (7)
      objectReference: {fileID: 0}
    - target: {fileID: 0}
      propertyPath: m_IsTrigger
      value: 1
      objectReference: {fileID: 0}
    m_RemovedComponents: []
  m_ParentPrefab: {fileID: 100100000, guid: 7f69a2a8097384596ae1560ba3859fa4, type: 2}
  m_IsPrefabParent: 0
--- !u!1001 &1186179188
Prefab:
  m_ObjectHideFlags: 0
  serializedVersion: 2
  m_Modification:
    m_TransformParent: {fileID: 0}
    m_Modifications:
    - target: {fileID: 457964, guid: b6078b5ffdca34ca7897547f76e057d3, type: 2}
      propertyPath: m_LocalPosition.x
      value: -16.1100006
      objectReference: {fileID: 0}
    - target: {fileID: 457964, guid: b6078b5ffdca34ca7897547f76e057d3, type: 2}
      propertyPath: m_LocalPosition.y
      value: 1.426
      objectReference: {fileID: 0}
    - target: {fileID: 457964, guid: b6078b5ffdca34ca7897547f76e057d3, type: 2}
      propertyPath: m_LocalPosition.z
      value: -.0199999996
      objectReference: {fileID: 0}
    - target: {fileID: 457964, guid: b6078b5ffdca34ca7897547f76e057d3, type: 2}
      propertyPath: m_LocalRotation.x
      value: 0
      objectReference: {fileID: 0}
    - target: {fileID: 457964, guid: b6078b5ffdca34ca7897547f76e057d3, type: 2}
      propertyPath: m_LocalRotation.y
      value: 0
      objectReference: {fileID: 0}
    - target: {fileID: 457964, guid: b6078b5ffdca34ca7897547f76e057d3, type: 2}
      propertyPath: m_LocalRotation.z
      value: 0
      objectReference: {fileID: 0}
    - target: {fileID: 457964, guid: b6078b5ffdca34ca7897547f76e057d3, type: 2}
      propertyPath: m_LocalRotation.w
      value: 1
      objectReference: {fileID: 0}
    - target: {fileID: 457964, guid: b6078b5ffdca34ca7897547f76e057d3, type: 2}
      propertyPath: m_RootOrder
      value: 3
      objectReference: {fileID: 0}
    m_RemovedComponents: []
  m_ParentPrefab: {fileID: 100100000, guid: b6078b5ffdca34ca7897547f76e057d3, type: 2}
  m_IsPrefabParent: 0
--- !u!4 &1231225796 stripped
Transform:
  m_PrefabParentObject: {fileID: 499210, guid: 7f69a2a8097384596ae1560ba3859fa4, type: 2}
  m_PrefabInternal: {fileID: 2130462573}
--- !u!4 &1239515616 stripped
Transform:
  m_PrefabParentObject: {fileID: 499210, guid: 7f69a2a8097384596ae1560ba3859fa4, type: 2}
  m_PrefabInternal: {fileID: 522011862}
--- !u!108 &1313672699 stripped
Light:
  m_PrefabParentObject: {fileID: 10822276, guid: 770bb3ec4dc8c411ebb26ea5ae6d8f55,
    type: 2}
  m_PrefabInternal: {fileID: 1313740543}
--- !u!1001 &1313740543
Prefab:
  m_ObjectHideFlags: 0
  serializedVersion: 2
  m_Modification:
    m_TransformParent: {fileID: 0}
    m_Modifications:
    - target: {fileID: 11484854, guid: 770bb3ec4dc8c411ebb26ea5ae6d8f55, type: 2}
      propertyPath: trackNodes.Array.size
      value: 23
      objectReference: {fileID: 0}
    - target: {fileID: 434702, guid: 770bb3ec4dc8c411ebb26ea5ae6d8f55, type: 2}
      propertyPath: m_LocalPosition.x
      value: 0
      objectReference: {fileID: 0}
    - target: {fileID: 434702, guid: 770bb3ec4dc8c411ebb26ea5ae6d8f55, type: 2}
      propertyPath: m_LocalPosition.y
      value: 5.86999989
      objectReference: {fileID: 0}
    - target: {fileID: 434702, guid: 770bb3ec4dc8c411ebb26ea5ae6d8f55, type: 2}
      propertyPath: m_LocalPosition.z
      value: -13.6000004
      objectReference: {fileID: 0}
    - target: {fileID: 434702, guid: 770bb3ec4dc8c411ebb26ea5ae6d8f55, type: 2}
      propertyPath: m_LocalRotation.x
      value: 0
      objectReference: {fileID: 0}
    - target: {fileID: 434702, guid: 770bb3ec4dc8c411ebb26ea5ae6d8f55, type: 2}
      propertyPath: m_LocalRotation.y
      value: 0
      objectReference: {fileID: 0}
    - target: {fileID: 434702, guid: 770bb3ec4dc8c411ebb26ea5ae6d8f55, type: 2}
      propertyPath: m_LocalRotation.z
      value: 0
      objectReference: {fileID: 0}
    - target: {fileID: 434702, guid: 770bb3ec4dc8c411ebb26ea5ae6d8f55, type: 2}
      propertyPath: m_LocalRotation.w
      value: 1
      objectReference: {fileID: 0}
    - target: {fileID: 434702, guid: 770bb3ec4dc8c411ebb26ea5ae6d8f55, type: 2}
      propertyPath: m_RootOrder
      value: 7
      objectReference: {fileID: 0}
    - target: {fileID: 176328, guid: 770bb3ec4dc8c411ebb26ea5ae6d8f55, type: 2}
      propertyPath: m_Name
      value: Enemy (1)
      objectReference: {fileID: 0}
    - target: {fileID: 11484854, guid: 770bb3ec4dc8c411ebb26ea5ae6d8f55, type: 2}
      propertyPath: trackNodes.Array.data[0]
      value: 
      objectReference: {fileID: 1480618802}
    - target: {fileID: 11484854, guid: 770bb3ec4dc8c411ebb26ea5ae6d8f55, type: 2}
      propertyPath: trackNodes.Array.data[1]
      value: 
      objectReference: {fileID: 2018145028}
    - target: {fileID: 11484854, guid: 770bb3ec4dc8c411ebb26ea5ae6d8f55, type: 2}
      propertyPath: trackNodes.Array.data[2]
      value: 
      objectReference: {fileID: 76886557}
    - target: {fileID: 11484854, guid: 770bb3ec4dc8c411ebb26ea5ae6d8f55, type: 2}
      propertyPath: trackNodes.Array.data[3]
      value: 
      objectReference: {fileID: 522527657}
    - target: {fileID: 11484854, guid: 770bb3ec4dc8c411ebb26ea5ae6d8f55, type: 2}
      propertyPath: trackNodes.Array.data[4]
      value: 
      objectReference: {fileID: 1826003328}
    - target: {fileID: 11484854, guid: 770bb3ec4dc8c411ebb26ea5ae6d8f55, type: 2}
      propertyPath: trackNodes.Array.data[5]
      value: 
      objectReference: {fileID: 2062534080}
    - target: {fileID: 11484854, guid: 770bb3ec4dc8c411ebb26ea5ae6d8f55, type: 2}
      propertyPath: trackNodes.Array.data[6]
      value: 
      objectReference: {fileID: 1231225796}
    - target: {fileID: 11484854, guid: 770bb3ec4dc8c411ebb26ea5ae6d8f55, type: 2}
      propertyPath: trackNodes.Array.data[7]
      value: 
      objectReference: {fileID: 1878212614}
    - target: {fileID: 11484854, guid: 770bb3ec4dc8c411ebb26ea5ae6d8f55, type: 2}
      propertyPath: trackNodes.Array.data[8]
      value: 
      objectReference: {fileID: 1999236211}
    - target: {fileID: 11484854, guid: 770bb3ec4dc8c411ebb26ea5ae6d8f55, type: 2}
      propertyPath: trackNodes.Array.data[9]
      value: 
      objectReference: {fileID: 1905502692}
    - target: {fileID: 11484854, guid: 770bb3ec4dc8c411ebb26ea5ae6d8f55, type: 2}
      propertyPath: trackNodes.Array.data[10]
      value: 
      objectReference: {fileID: 1239515616}
    - target: {fileID: 11484854, guid: 770bb3ec4dc8c411ebb26ea5ae6d8f55, type: 2}
      propertyPath: trackNodes.Array.data[11]
      value: 
      objectReference: {fileID: 522527657}
    - target: {fileID: 11484854, guid: 770bb3ec4dc8c411ebb26ea5ae6d8f55, type: 2}
      propertyPath: trackNodes.Array.data[12]
      value: 
      objectReference: {fileID: 1826003328}
    - target: {fileID: 11484854, guid: 770bb3ec4dc8c411ebb26ea5ae6d8f55, type: 2}
      propertyPath: trackNodes.Array.data[13]
      value: 
      objectReference: {fileID: 2062534080}
    - target: {fileID: 11484854, guid: 770bb3ec4dc8c411ebb26ea5ae6d8f55, type: 2}
      propertyPath: trackNodes.Array.data[14]
      value: 
      objectReference: {fileID: 1231225796}
    - target: {fileID: 11484854, guid: 770bb3ec4dc8c411ebb26ea5ae6d8f55, type: 2}
      propertyPath: trackNodes.Array.data[15]
      value: 
      objectReference: {fileID: 1878212614}
    - target: {fileID: 11484854, guid: 770bb3ec4dc8c411ebb26ea5ae6d8f55, type: 2}
      propertyPath: trackNodes.Array.data[16]
      value: 
      objectReference: {fileID: 1999236211}
    - target: {fileID: 11484854, guid: 770bb3ec4dc8c411ebb26ea5ae6d8f55, type: 2}
      propertyPath: trackNodes.Array.data[17]
      value: 
      objectReference: {fileID: 1905502692}
    - target: {fileID: 11484854, guid: 770bb3ec4dc8c411ebb26ea5ae6d8f55, type: 2}
      propertyPath: trackNodes.Array.data[18]
      value: 
      objectReference: {fileID: 1239515616}
    - target: {fileID: 11484854, guid: 770bb3ec4dc8c411ebb26ea5ae6d8f55, type: 2}
      propertyPath: trackNodes.Array.data[19]
      value: 
      objectReference: {fileID: 522527657}
    - target: {fileID: 11484854, guid: 770bb3ec4dc8c411ebb26ea5ae6d8f55, type: 2}
      propertyPath: trackNodes.Array.data[20]
      value: 
      objectReference: {fileID: 76886557}
    - target: {fileID: 11484854, guid: 770bb3ec4dc8c411ebb26ea5ae6d8f55, type: 2}
      propertyPath: trackNodes.Array.data[21]
      value: 
      objectReference: {fileID: 2018145028}
    - target: {fileID: 11484854, guid: 770bb3ec4dc8c411ebb26ea5ae6d8f55, type: 2}
      propertyPath: trackNodes.Array.data[22]
      value: 
      objectReference: {fileID: 1480618802}
    - target: {fileID: 11484854, guid: 770bb3ec4dc8c411ebb26ea5ae6d8f55, type: 2}
      propertyPath: enemylight
      value: 
      objectReference: {fileID: 1313672699}
    m_RemovedComponents: []
  m_ParentPrefab: {fileID: 100100000, guid: 770bb3ec4dc8c411ebb26ea5ae6d8f55, type: 2}
  m_IsPrefabParent: 0
--- !u!1001 &1387599614
Prefab:
  m_ObjectHideFlags: 0
  serializedVersion: 2
  m_Modification:
    m_TransformParent: {fileID: 2088709516}
    m_Modifications:
    - target: {fileID: 499210, guid: 7f69a2a8097384596ae1560ba3859fa4, type: 2}
      propertyPath: m_LocalPosition.x
      value: 7.07000017
      objectReference: {fileID: 0}
    - target: {fileID: 499210, guid: 7f69a2a8097384596ae1560ba3859fa4, type: 2}
      propertyPath: m_LocalPosition.y
      value: 4.51000023
      objectReference: {fileID: 0}
    - target: {fileID: 499210, guid: 7f69a2a8097384596ae1560ba3859fa4, type: 2}
      propertyPath: m_LocalPosition.z
      value: -4.88399982
      objectReference: {fileID: 0}
    - target: {fileID: 499210, guid: 7f69a2a8097384596ae1560ba3859fa4, type: 2}
      propertyPath: m_LocalRotation.x
      value: 0
      objectReference: {fileID: 0}
    - target: {fileID: 499210, guid: 7f69a2a8097384596ae1560ba3859fa4, type: 2}
      propertyPath: m_LocalRotation.y
      value: 0
      objectReference: {fileID: 0}
    - target: {fileID: 499210, guid: 7f69a2a8097384596ae1560ba3859fa4, type: 2}
      propertyPath: m_LocalRotation.z
      value: 0
      objectReference: {fileID: 0}
    - target: {fileID: 499210, guid: 7f69a2a8097384596ae1560ba3859fa4, type: 2}
      propertyPath: m_LocalRotation.w
      value: 1
      objectReference: {fileID: 0}
    - target: {fileID: 499210, guid: 7f69a2a8097384596ae1560ba3859fa4, type: 2}
      propertyPath: m_RootOrder
      value: 2
      objectReference: {fileID: 0}
    - target: {fileID: 113000, guid: 7f69a2a8097384596ae1560ba3859fa4, type: 2}
      propertyPath: m_Name
      value: Tracknode (1)
      objectReference: {fileID: 0}
    - target: {fileID: 0}
      propertyPath: m_IsTrigger
      value: 1
      objectReference: {fileID: 0}
    m_RemovedComponents: []
  m_ParentPrefab: {fileID: 100100000, guid: 7f69a2a8097384596ae1560ba3859fa4, type: 2}
  m_IsPrefabParent: 0
--- !u!4 &1480618802 stripped
Transform:
  m_PrefabParentObject: {fileID: 499210, guid: 7f69a2a8097384596ae1560ba3859fa4, type: 2}
  m_PrefabInternal: {fileID: 902255706}
--- !u!1001 &1577848973
Prefab:
  m_ObjectHideFlags: 0
  serializedVersion: 2
  m_Modification:
    m_TransformParent: {fileID: 2088709516}
    m_Modifications:
    - target: {fileID: 499210, guid: 7f69a2a8097384596ae1560ba3859fa4, type: 2}
      propertyPath: m_LocalPosition.x
      value: -10.8500004
      objectReference: {fileID: 0}
    - target: {fileID: 499210, guid: 7f69a2a8097384596ae1560ba3859fa4, type: 2}
      propertyPath: m_LocalPosition.y
      value: 2.72000003
      objectReference: {fileID: 0}
    - target: {fileID: 499210, guid: 7f69a2a8097384596ae1560ba3859fa4, type: 2}
      propertyPath: m_LocalPosition.z
      value: -4.88399982
      objectReference: {fileID: 0}
    - target: {fileID: 499210, guid: 7f69a2a8097384596ae1560ba3859fa4, type: 2}
      propertyPath: m_LocalRotation.x
      value: 0
      objectReference: {fileID: 0}
    - target: {fileID: 499210, guid: 7f69a2a8097384596ae1560ba3859fa4, type: 2}
      propertyPath: m_LocalRotation.y
      value: 0
      objectReference: {fileID: 0}
    - target: {fileID: 499210, guid: 7f69a2a8097384596ae1560ba3859fa4, type: 2}
      propertyPath: m_LocalRotation.z
      value: 0
      objectReference: {fileID: 0}
    - target: {fileID: 499210, guid: 7f69a2a8097384596ae1560ba3859fa4, type: 2}
      propertyPath: m_LocalRotation.w
      value: 1
      objectReference: {fileID: 0}
    - target: {fileID: 499210, guid: 7f69a2a8097384596ae1560ba3859fa4, type: 2}
      propertyPath: m_RootOrder
      value: 9
      objectReference: {fileID: 0}
    - target: {fileID: 113000, guid: 7f69a2a8097384596ae1560ba3859fa4, type: 2}
      propertyPath: m_Name
      value: Tracknode (9)
      objectReference: {fileID: 0}
    - target: {fileID: 0}
      propertyPath: m_IsTrigger
      value: 1
      objectReference: {fileID: 0}
    m_RemovedComponents: []
  m_ParentPrefab: {fileID: 100100000, guid: 7f69a2a8097384596ae1560ba3859fa4, type: 2}
  m_IsPrefabParent: 0
--- !u!1001 &1686006285
Prefab:
  m_ObjectHideFlags: 0
  serializedVersion: 2
  m_Modification:
    m_TransformParent: {fileID: 2088709516}
    m_Modifications:
    - target: {fileID: 499210, guid: 7f69a2a8097384596ae1560ba3859fa4, type: 2}
      propertyPath: m_LocalPosition.x
      value: -6.23999977
      objectReference: {fileID: 0}
    - target: {fileID: 499210, guid: 7f69a2a8097384596ae1560ba3859fa4, type: 2}
      propertyPath: m_LocalPosition.y
      value: 3.38000011
      objectReference: {fileID: 0}
    - target: {fileID: 499210, guid: 7f69a2a8097384596ae1560ba3859fa4, type: 2}
      propertyPath: m_LocalPosition.z
      value: -4.88399982
      objectReference: {fileID: 0}
    - target: {fileID: 499210, guid: 7f69a2a8097384596ae1560ba3859fa4, type: 2}
      propertyPath: m_LocalRotation.x
      value: 0
      objectReference: {fileID: 0}
    - target: {fileID: 499210, guid: 7f69a2a8097384596ae1560ba3859fa4, type: 2}
      propertyPath: m_LocalRotation.y
      value: 0
      objectReference: {fileID: 0}
    - target: {fileID: 499210, guid: 7f69a2a8097384596ae1560ba3859fa4, type: 2}
      propertyPath: m_LocalRotation.z
      value: 0
      objectReference: {fileID: 0}
    - target: {fileID: 499210, guid: 7f69a2a8097384596ae1560ba3859fa4, type: 2}
      propertyPath: m_LocalRotation.w
      value: 1
      objectReference: {fileID: 0}
    - target: {fileID: 499210, guid: 7f69a2a8097384596ae1560ba3859fa4, type: 2}
      propertyPath: m_RootOrder
      value: 4
      objectReference: {fileID: 0}
    - target: {fileID: 113000, guid: 7f69a2a8097384596ae1560ba3859fa4, type: 2}
      propertyPath: m_Name
      value: Tracknode (4)
      objectReference: {fileID: 0}
    - target: {fileID: 0}
      propertyPath: m_IsTrigger
      value: 1
      objectReference: {fileID: 0}
    m_RemovedComponents: []
  m_ParentPrefab: {fileID: 100100000, guid: 7f69a2a8097384596ae1560ba3859fa4, type: 2}
  m_IsPrefabParent: 0
--- !u!1 &1715048645
GameObject:
  m_ObjectHideFlags: 0
  m_PrefabParentObject: {fileID: 0}
  m_PrefabInternal: {fileID: 0}
  serializedVersion: 4
  m_Component:
  - 4: {fileID: 1715048649}
  - 33: {fileID: 1715048648}
  - 64: {fileID: 1715048647}
  - 23: {fileID: 1715048646}
  m_Layer: 0
  m_Name: Plane (1)
  m_TagString: Untagged
  m_Icon: {fileID: 0}
  m_NavMeshLayer: 0
  m_StaticEditorFlags: 0
  m_IsActive: 1
--- !u!23 &1715048646
MeshRenderer:
  m_ObjectHideFlags: 0
  m_PrefabParentObject: {fileID: 0}
  m_PrefabInternal: {fileID: 0}
  m_GameObject: {fileID: 1715048645}
  m_Enabled: 1
  m_CastShadows: 1
  m_ReceiveShadows: 1
  m_Materials:
  - {fileID: 2100000, guid: f1ebd26a2c36a474894c0506ef6a8a54, type: 2}
  m_SubsetIndices: 
  m_StaticBatchRoot: {fileID: 0}
  m_UseLightProbes: 1
  m_ReflectionProbeUsage: 1
  m_ProbeAnchor: {fileID: 0}
  m_ScaleInLightmap: 1
  m_PreserveUVs: 1
  m_ImportantGI: 0
  m_AutoUVMaxDistance: .5
  m_AutoUVMaxAngle: 89
  m_LightmapParameters: {fileID: 0}
  m_SortingLayerID: 0
  m_SortingOrder: 0
--- !u!64 &1715048647
MeshCollider:
  m_ObjectHideFlags: 0
  m_PrefabParentObject: {fileID: 0}
  m_PrefabInternal: {fileID: 0}
  m_GameObject: {fileID: 1715048645}
  m_Material: {fileID: 0}
  m_IsTrigger: 0
  m_Enabled: 1
  serializedVersion: 2
  m_Convex: 0
  m_Mesh: {fileID: 10209, guid: 0000000000000000e000000000000000, type: 0}
--- !u!33 &1715048648
MeshFilter:
  m_ObjectHideFlags: 0
  m_PrefabParentObject: {fileID: 0}
  m_PrefabInternal: {fileID: 0}
  m_GameObject: {fileID: 1715048645}
  m_Mesh: {fileID: 10209, guid: 0000000000000000e000000000000000, type: 0}
--- !u!4 &1715048649
Transform:
  m_ObjectHideFlags: 0
  m_PrefabParentObject: {fileID: 0}
  m_PrefabInternal: {fileID: 0}
  m_GameObject: {fileID: 1715048645}
  m_LocalRotation: {x: -.707344174, y: -3.69159969e-09, z: 2.92867175e-09, w: .706869304}
  m_LocalPosition: {x: .339883447, y: 6.78000021, z: .492000014}
  m_LocalScale: {x: .0337856449, y: .0881998911, z: 1.4492389}
  m_Children: []
  m_Father: {fileID: 1957886374}
  m_RootOrder: 2
--- !u!1001 &1737426005
Prefab:
  m_ObjectHideFlags: 0
  serializedVersion: 2
  m_Modification:
    m_TransformParent: {fileID: 2088709516}
    m_Modifications:
    - target: {fileID: 499210, guid: 7f69a2a8097384596ae1560ba3859fa4, type: 2}
      propertyPath: m_LocalPosition.x
      value: -1.75999999
      objectReference: {fileID: 0}
    - target: {fileID: 499210, guid: 7f69a2a8097384596ae1560ba3859fa4, type: 2}
      propertyPath: m_LocalPosition.y
      value: 4.67999983
      objectReference: {fileID: 0}
    - target: {fileID: 499210, guid: 7f69a2a8097384596ae1560ba3859fa4, type: 2}
      propertyPath: m_LocalPosition.z
      value: -4.88399982
      objectReference: {fileID: 0}
    - target: {fileID: 499210, guid: 7f69a2a8097384596ae1560ba3859fa4, type: 2}
      propertyPath: m_LocalRotation.x
      value: 0
      objectReference: {fileID: 0}
    - target: {fileID: 499210, guid: 7f69a2a8097384596ae1560ba3859fa4, type: 2}
      propertyPath: m_LocalRotation.y
      value: 0
      objectReference: {fileID: 0}
    - target: {fileID: 499210, guid: 7f69a2a8097384596ae1560ba3859fa4, type: 2}
      propertyPath: m_LocalRotation.z
      value: 0
      objectReference: {fileID: 0}
    - target: {fileID: 499210, guid: 7f69a2a8097384596ae1560ba3859fa4, type: 2}
      propertyPath: m_LocalRotation.w
      value: 1
      objectReference: {fileID: 0}
    - target: {fileID: 499210, guid: 7f69a2a8097384596ae1560ba3859fa4, type: 2}
      propertyPath: m_RootOrder
      value: 1
      objectReference: {fileID: 0}
    - target: {fileID: 113000, guid: 7f69a2a8097384596ae1560ba3859fa4, type: 2}
      propertyPath: m_Name
      value: Tracknode (2)
      objectReference: {fileID: 0}
    - target: {fileID: 0}
      propertyPath: m_IsTrigger
      value: 1
      objectReference: {fileID: 0}
    m_RemovedComponents: []
  m_ParentPrefab: {fileID: 100100000, guid: 7f69a2a8097384596ae1560ba3859fa4, type: 2}
  m_IsPrefabParent: 0
--- !u!4 &1826003328 stripped
Transform:
  m_PrefabParentObject: {fileID: 499210, guid: 7f69a2a8097384596ae1560ba3859fa4, type: 2}
  m_PrefabInternal: {fileID: 1901933546}
--- !u!1 &1832014575
GameObject:
  m_ObjectHideFlags: 0
  m_PrefabParentObject: {fileID: 0}
  m_PrefabInternal: {fileID: 0}
  serializedVersion: 4
  m_Component:
  - 4: {fileID: 1832014576}
  - 33: {fileID: 1832014579}
  - 65: {fileID: 1832014578}
  - 23: {fileID: 1832014577}
  m_Layer: 0
  m_Name: Cube (3)
  m_TagString: Untagged
  m_Icon: {fileID: 0}
  m_NavMeshLayer: 0
  m_StaticEditorFlags: 0
  m_IsActive: 0
--- !u!4 &1832014576
Transform:
  m_ObjectHideFlags: 0
  m_PrefabParentObject: {fileID: 0}
  m_PrefabInternal: {fileID: 0}
  m_GameObject: {fileID: 1832014575}
  m_LocalRotation: {x: 0, y: 0, z: 0, w: 1}
  m_LocalPosition: {x: -.294999987, y: 3.29999971, z: .363999963}
  m_LocalScale: {x: .226982236, y: 1, z: .25576973}
  m_Children: []
  m_Father: {fileID: 1957886374}
  m_RootOrder: 5
--- !u!23 &1832014577
MeshRenderer:
  m_ObjectHideFlags: 0
  m_PrefabParentObject: {fileID: 0}
  m_PrefabInternal: {fileID: 0}
  m_GameObject: {fileID: 1832014575}
  m_Enabled: 1
  m_CastShadows: 1
  m_ReceiveShadows: 1
  m_Materials:
  - {fileID: 2100000, guid: 7b4ed1729eb3542d988afc3fa5b920b7, type: 2}
  m_SubsetIndices: 
  m_StaticBatchRoot: {fileID: 0}
  m_UseLightProbes: 1
  m_ReflectionProbeUsage: 1
  m_ProbeAnchor: {fileID: 0}
  m_ScaleInLightmap: 1
  m_PreserveUVs: 1
  m_ImportantGI: 0
  m_AutoUVMaxDistance: .5
  m_AutoUVMaxAngle: 89
  m_LightmapParameters: {fileID: 0}
  m_SortingLayerID: 0
  m_SortingOrder: 0
--- !u!65 &1832014578
BoxCollider:
  m_ObjectHideFlags: 0
  m_PrefabParentObject: {fileID: 0}
  m_PrefabInternal: {fileID: 0}
  m_GameObject: {fileID: 1832014575}
  m_Material: {fileID: 0}
  m_IsTrigger: 0
  m_Enabled: 1
  serializedVersion: 2
  m_Size: {x: 1, y: 1, z: 1}
  m_Center: {x: 0, y: 0, z: 0}
--- !u!33 &1832014579
MeshFilter:
  m_ObjectHideFlags: 0
  m_PrefabParentObject: {fileID: 0}
  m_PrefabInternal: {fileID: 0}
  m_GameObject: {fileID: 1832014575}
  m_Mesh: {fileID: 10202, guid: 0000000000000000e000000000000000, type: 0}
--- !u!1 &1855609474
GameObject:
  m_ObjectHideFlags: 0
  m_PrefabParentObject: {fileID: 0}
  m_PrefabInternal: {fileID: 0}
  serializedVersion: 4
  m_Component:
  - 4: {fileID: 1855609478}
  - 33: {fileID: 1855609477}
  - 64: {fileID: 1855609476}
  - 23: {fileID: 1855609475}
  m_Layer: 0
  m_Name: Plane
  m_TagString: Untagged
  m_Icon: {fileID: 0}
  m_NavMeshLayer: 0
  m_StaticEditorFlags: 0
  m_IsActive: 1
--- !u!23 &1855609475
MeshRenderer:
  m_ObjectHideFlags: 0
  m_PrefabParentObject: {fileID: 0}
  m_PrefabInternal: {fileID: 0}
  m_GameObject: {fileID: 1855609474}
  m_Enabled: 1
  m_CastShadows: 1
  m_ReceiveShadows: 1
  m_Materials:
  - {fileID: 2100000, guid: f1ebd26a2c36a474894c0506ef6a8a54, type: 2}
  m_SubsetIndices: 
  m_StaticBatchRoot: {fileID: 0}
  m_UseLightProbes: 1
  m_ReflectionProbeUsage: 1
  m_ProbeAnchor: {fileID: 0}
  m_ScaleInLightmap: 1
  m_PreserveUVs: 1
  m_ImportantGI: 0
  m_AutoUVMaxDistance: .5
  m_AutoUVMaxAngle: 89
  m_LightmapParameters: {fileID: 0}
  m_SortingLayerID: 0
  m_SortingOrder: 0
--- !u!64 &1855609476
MeshCollider:
  m_ObjectHideFlags: 0
  m_PrefabParentObject: {fileID: 0}
  m_PrefabInternal: {fileID: 0}
  m_GameObject: {fileID: 1855609474}
  m_Material: {fileID: 0}
  m_IsTrigger: 0
  m_Enabled: 1
  serializedVersion: 2
  m_Convex: 0
  m_Mesh: {fileID: 10209, guid: 0000000000000000e000000000000000, type: 0}
--- !u!33 &1855609477
MeshFilter:
  m_ObjectHideFlags: 0
  m_PrefabParentObject: {fileID: 0}
  m_PrefabInternal: {fileID: 0}
  m_GameObject: {fileID: 1855609474}
  m_Mesh: {fileID: 10209, guid: 0000000000000000e000000000000000, type: 0}
--- !u!4 &1855609478
Transform:
  m_ObjectHideFlags: 0
  m_PrefabParentObject: {fileID: 0}
  m_PrefabInternal: {fileID: 0}
  m_GameObject: {fileID: 1855609474}
  m_LocalRotation: {x: -.707344174, y: -3.69159969e-09, z: 2.92867175e-09, w: .706869304}
  m_LocalPosition: {x: .00270284782, y: 6.78000021, z: .492000014}
  m_LocalScale: {x: .0337856449, y: .0881998911, z: 1.4492389}
  m_Children: []
  m_Father: {fileID: 1957886374}
  m_RootOrder: 0
--- !u!4 &1878212614 stripped
Transform:
  m_PrefabParentObject: {fileID: 499210, guid: 7f69a2a8097384596ae1560ba3859fa4, type: 2}
  m_PrefabInternal: {fileID: 1080736651}
--- !u!1001 &1901933546
Prefab:
  m_ObjectHideFlags: 0
  serializedVersion: 2
  m_Modification:
    m_TransformParent: {fileID: 2088709516}
    m_Modifications:
    - target: {fileID: 499210, guid: 7f69a2a8097384596ae1560ba3859fa4, type: 2}
      propertyPath: m_LocalPosition.x
      value: 2.6500001
      objectReference: {fileID: 0}
    - target: {fileID: 499210, guid: 7f69a2a8097384596ae1560ba3859fa4, type: 2}
      propertyPath: m_LocalPosition.y
      value: 3.93000007
      objectReference: {fileID: 0}
    - target: {fileID: 499210, guid: 7f69a2a8097384596ae1560ba3859fa4, type: 2}
      propertyPath: m_LocalPosition.z
      value: -4.88399982
      objectReference: {fileID: 0}
    - target: {fileID: 499210, guid: 7f69a2a8097384596ae1560ba3859fa4, type: 2}
      propertyPath: m_LocalRotation.x
      value: 0
      objectReference: {fileID: 0}
    - target: {fileID: 499210, guid: 7f69a2a8097384596ae1560ba3859fa4, type: 2}
      propertyPath: m_LocalRotation.y
      value: 0
      objectReference: {fileID: 0}
    - target: {fileID: 499210, guid: 7f69a2a8097384596ae1560ba3859fa4, type: 2}
      propertyPath: m_LocalRotation.z
      value: 0
      objectReference: {fileID: 0}
    - target: {fileID: 499210, guid: 7f69a2a8097384596ae1560ba3859fa4, type: 2}
      propertyPath: m_LocalRotation.w
      value: 1
      objectReference: {fileID: 0}
    - target: {fileID: 499210, guid: 7f69a2a8097384596ae1560ba3859fa4, type: 2}
      propertyPath: m_RootOrder
      value: 10
      objectReference: {fileID: 0}
    - target: {fileID: 113000, guid: 7f69a2a8097384596ae1560ba3859fa4, type: 2}
      propertyPath: m_Name
      value: Tracknode (10)
      objectReference: {fileID: 0}
    - target: {fileID: 0}
      propertyPath: m_IsTrigger
      value: 1
      objectReference: {fileID: 0}
    m_RemovedComponents: []
  m_ParentPrefab: {fileID: 100100000, guid: 7f69a2a8097384596ae1560ba3859fa4, type: 2}
  m_IsPrefabParent: 0
--- !u!4 &1905502692 stripped
Transform:
  m_PrefabParentObject: {fileID: 499210, guid: 7f69a2a8097384596ae1560ba3859fa4, type: 2}
  m_PrefabInternal: {fileID: 288401161}
--- !u!1 &1957886373
GameObject:
  m_ObjectHideFlags: 0
  m_PrefabParentObject: {fileID: 0}
  m_PrefabInternal: {fileID: 0}
  serializedVersion: 4
  m_Component:
  - 4: {fileID: 1957886374}
  m_Layer: 0
  m_Name: Platforms and more
  m_TagString: Untagged
  m_Icon: {fileID: 0}
  m_NavMeshLayer: 0
  m_StaticEditorFlags: 0
  m_IsActive: 1
--- !u!4 &1957886374
Transform:
  m_ObjectHideFlags: 0
  m_PrefabParentObject: {fileID: 0}
  m_PrefabInternal: {fileID: 0}
  m_GameObject: {fileID: 1957886373}
  m_LocalRotation: {x: 0, y: 0, z: 0, w: 1}
  m_LocalPosition: {x: -2.75999999, y: .425999999, z: -5.30000019}
  m_LocalScale: {x: 29.5983829, y: 1, z: 11.6629162}
  m_Children:
  - {fileID: 1855609478}
  - {fileID: 2086072510}
  - {fileID: 1715048649}
  - {fileID: 106584372}
  - {fileID: 720369824}
  - {fileID: 1832014576}
  - {fileID: 1980428881}
  - {fileID: 2073287451}
  - {fileID: 973648660}
  - {fileID: 75267921}
  - {fileID: 633701886}
  m_Father: {fileID: 0}
  m_RootOrder: 0
--- !u!1 &1980428880
GameObject:
  m_ObjectHideFlags: 0
  m_PrefabParentObject: {fileID: 0}
  m_PrefabInternal: {fileID: 0}
  serializedVersion: 4
  m_Component:
  - 4: {fileID: 1980428881}
  - 33: {fileID: 1980428884}
  - 65: {fileID: 1980428883}
  - 23: {fileID: 1980428882}
  m_Layer: 0
  m_Name: Cube (4)
  m_TagString: Untagged
  m_Icon: {fileID: 0}
  m_NavMeshLayer: 0
  m_StaticEditorFlags: 0
  m_IsActive: 0
--- !u!4 &1980428881
Transform:
  m_ObjectHideFlags: 0
  m_PrefabParentObject: {fileID: 0}
  m_PrefabInternal: {fileID: 0}
  m_GameObject: {fileID: 1980428880}
  m_LocalRotation: {x: 0, y: 0, z: 0, w: 1}
  m_LocalPosition: {x: -.0130000003, y: 3.29999971, z: .363999963}
  m_LocalScale: {x: .096501492, y: 1, z: .25576973}
  m_Children: []
  m_Father: {fileID: 1957886374}
  m_RootOrder: 6
--- !u!23 &1980428882
MeshRenderer:
  m_ObjectHideFlags: 0
  m_PrefabParentObject: {fileID: 0}
  m_PrefabInternal: {fileID: 0}
  m_GameObject: {fileID: 1980428880}
  m_Enabled: 1
  m_CastShadows: 1
  m_ReceiveShadows: 1
  m_Materials:
  - {fileID: 2100000, guid: 7b4ed1729eb3542d988afc3fa5b920b7, type: 2}
  m_SubsetIndices: 
  m_StaticBatchRoot: {fileID: 0}
  m_UseLightProbes: 1
  m_ReflectionProbeUsage: 1
  m_ProbeAnchor: {fileID: 0}
  m_ScaleInLightmap: 1
  m_PreserveUVs: 1
  m_ImportantGI: 0
  m_AutoUVMaxDistance: .5
  m_AutoUVMaxAngle: 89
  m_LightmapParameters: {fileID: 0}
  m_SortingLayerID: 0
  m_SortingOrder: 0
--- !u!65 &1980428883
BoxCollider:
  m_ObjectHideFlags: 0
  m_PrefabParentObject: {fileID: 0}
  m_PrefabInternal: {fileID: 0}
  m_GameObject: {fileID: 1980428880}
  m_Material: {fileID: 0}
  m_IsTrigger: 0
  m_Enabled: 1
  serializedVersion: 2
  m_Size: {x: 1, y: 1, z: 1}
  m_Center: {x: 0, y: 0, z: 0}
--- !u!33 &1980428884
MeshFilter:
  m_ObjectHideFlags: 0
  m_PrefabParentObject: {fileID: 0}
  m_PrefabInternal: {fileID: 0}
  m_GameObject: {fileID: 1980428880}
  m_Mesh: {fileID: 10202, guid: 0000000000000000e000000000000000, type: 0}
--- !u!4 &1999236211 stripped
Transform:
  m_PrefabParentObject: {fileID: 499210, guid: 7f69a2a8097384596ae1560ba3859fa4, type: 2}
  m_PrefabInternal: {fileID: 788939292}
--- !u!4 &2018145028 stripped
Transform:
  m_PrefabParentObject: {fileID: 499210, guid: 7f69a2a8097384596ae1560ba3859fa4, type: 2}
  m_PrefabInternal: {fileID: 1577848973}
--- !u!4 &2062534080 stripped
Transform:
  m_PrefabParentObject: {fileID: 499210, guid: 7f69a2a8097384596ae1560ba3859fa4, type: 2}
  m_PrefabInternal: {fileID: 1387599614}
--- !u!1001 &2073264118
Prefab:
  m_ObjectHideFlags: 0
  serializedVersion: 2
  m_Modification:
    m_TransformParent: {fileID: 2088709516}
    m_Modifications:
    - target: {fileID: 499210, guid: 7f69a2a8097384596ae1560ba3859fa4, type: 2}
      propertyPath: m_LocalPosition.x
      value: 3.25999999
      objectReference: {fileID: 0}
    - target: {fileID: 499210, guid: 7f69a2a8097384596ae1560ba3859fa4, type: 2}
      propertyPath: m_LocalPosition.y
      value: 6.57999992
      objectReference: {fileID: 0}
    - target: {fileID: 499210, guid: 7f69a2a8097384596ae1560ba3859fa4, type: 2}
      propertyPath: m_LocalPosition.z
      value: -4.88399982
      objectReference: {fileID: 0}
    - target: {fileID: 499210, guid: 7f69a2a8097384596ae1560ba3859fa4, type: 2}
      propertyPath: m_LocalRotation.x
      value: 0
      objectReference: {fileID: 0}
    - target: {fileID: 499210, guid: 7f69a2a8097384596ae1560ba3859fa4, type: 2}
      propertyPath: m_LocalRotation.y
      value: 0
      objectReference: {fileID: 0}
    - target: {fileID: 499210, guid: 7f69a2a8097384596ae1560ba3859fa4, type: 2}
      propertyPath: m_LocalRotation.z
      value: 0
      objectReference: {fileID: 0}
    - target: {fileID: 499210, guid: 7f69a2a8097384596ae1560ba3859fa4, type: 2}
      propertyPath: m_LocalRotation.w
      value: 1
      objectReference: {fileID: 0}
    - target: {fileID: 499210, guid: 7f69a2a8097384596ae1560ba3859fa4, type: 2}
      propertyPath: m_RootOrder
      value: 3
      objectReference: {fileID: 0}
    - target: {fileID: 113000, guid: 7f69a2a8097384596ae1560ba3859fa4, type: 2}
      propertyPath: m_Name
      value: Tracknode (3)
      objectReference: {fileID: 0}
    - target: {fileID: 0}
      propertyPath: m_IsTrigger
      value: 1
      objectReference: {fileID: 0}
    m_RemovedComponents: []
  m_ParentPrefab: {fileID: 100100000, guid: 7f69a2a8097384596ae1560ba3859fa4, type: 2}
  m_IsPrefabParent: 0
--- !u!1 &2073287450
GameObject:
  m_ObjectHideFlags: 0
  m_PrefabParentObject: {fileID: 0}
  m_PrefabInternal: {fileID: 0}
  serializedVersion: 4
  m_Component:
  - 4: {fileID: 2073287451}
  - 33: {fileID: 2073287454}
  - 65: {fileID: 2073287453}
  - 23: {fileID: 2073287452}
  m_Layer: 0
  m_Name: Cube (5)
  m_TagString: Untagged
  m_Icon: {fileID: 0}
  m_NavMeshLayer: 0
  m_StaticEditorFlags: 0
  m_IsActive: 0
--- !u!4 &2073287451
Transform:
  m_ObjectHideFlags: 0
  m_PrefabParentObject: {fileID: 0}
  m_PrefabInternal: {fileID: 0}
  m_GameObject: {fileID: 2073287450}
  m_LocalRotation: {x: 0, y: 0, z: 0, w: 1}
  m_LocalPosition: {x: .26699999, y: 7.30000019, z: .363999963}
  m_LocalScale: {x: .0965014994, y: 1, z: .25576973}
  m_Children: []
  m_Father: {fileID: 1957886374}
  m_RootOrder: 7
--- !u!23 &2073287452
MeshRenderer:
  m_ObjectHideFlags: 0
  m_PrefabParentObject: {fileID: 0}
  m_PrefabInternal: {fileID: 0}
  m_GameObject: {fileID: 2073287450}
  m_Enabled: 1
  m_CastShadows: 1
  m_ReceiveShadows: 1
  m_Materials:
  - {fileID: 2100000, guid: 7b4ed1729eb3542d988afc3fa5b920b7, type: 2}
  m_SubsetIndices: 
  m_StaticBatchRoot: {fileID: 0}
  m_UseLightProbes: 1
  m_ReflectionProbeUsage: 1
  m_ProbeAnchor: {fileID: 0}
  m_ScaleInLightmap: 1
  m_PreserveUVs: 1
  m_ImportantGI: 0
  m_AutoUVMaxDistance: .5
  m_AutoUVMaxAngle: 89
  m_LightmapParameters: {fileID: 0}
  m_SortingLayerID: 0
  m_SortingOrder: 0
--- !u!65 &2073287453
BoxCollider:
  m_ObjectHideFlags: 0
  m_PrefabParentObject: {fileID: 0}
  m_PrefabInternal: {fileID: 0}
  m_GameObject: {fileID: 2073287450}
  m_Material: {fileID: 0}
  m_IsTrigger: 0
  m_Enabled: 1
  serializedVersion: 2
  m_Size: {x: 1, y: 1, z: 1}
  m_Center: {x: 0, y: 0, z: 0}
--- !u!33 &2073287454
MeshFilter:
  m_ObjectHideFlags: 0
  m_PrefabParentObject: {fileID: 0}
  m_PrefabInternal: {fileID: 0}
  m_GameObject: {fileID: 2073287450}
  m_Mesh: {fileID: 10202, guid: 0000000000000000e000000000000000, type: 0}
--- !u!1 &2086072506
GameObject:
  m_ObjectHideFlags: 0
  m_PrefabParentObject: {fileID: 0}
  m_PrefabInternal: {fileID: 0}
  serializedVersion: 4
  m_Component:
  - 4: {fileID: 2086072510}
  - 33: {fileID: 2086072509}
  - 64: {fileID: 2086072508}
  - 23: {fileID: 2086072507}
  m_Layer: 0
  m_Name: Plane (2)
  m_TagString: Untagged
  m_Icon: {fileID: 0}
  m_NavMeshLayer: 0
  m_StaticEditorFlags: 0
  m_IsActive: 1
--- !u!23 &2086072507
MeshRenderer:
  m_ObjectHideFlags: 0
  m_PrefabParentObject: {fileID: 0}
  m_PrefabInternal: {fileID: 0}
  m_GameObject: {fileID: 2086072506}
  m_Enabled: 1
  m_CastShadows: 1
  m_ReceiveShadows: 1
  m_Materials:
  - {fileID: 2100000, guid: f1ebd26a2c36a474894c0506ef6a8a54, type: 2}
  m_SubsetIndices: 
  m_StaticBatchRoot: {fileID: 0}
  m_UseLightProbes: 1
  m_ReflectionProbeUsage: 1
  m_ProbeAnchor: {fileID: 0}
  m_ScaleInLightmap: 1
  m_PreserveUVs: 1
  m_ImportantGI: 0
  m_AutoUVMaxDistance: .5
  m_AutoUVMaxAngle: 89
  m_LightmapParameters: {fileID: 0}
  m_SortingLayerID: 0
  m_SortingOrder: 0
--- !u!64 &2086072508
MeshCollider:
  m_ObjectHideFlags: 0
  m_PrefabParentObject: {fileID: 0}
  m_PrefabInternal: {fileID: 0}
  m_GameObject: {fileID: 2086072506}
  m_Material: {fileID: 0}
  m_IsTrigger: 0
  m_Enabled: 1
  serializedVersion: 2
  m_Convex: 0
  m_Mesh: {fileID: 10209, guid: 0000000000000000e000000000000000, type: 0}
--- !u!33 &2086072509
MeshFilter:
  m_ObjectHideFlags: 0
  m_PrefabParentObject: {fileID: 0}
  m_PrefabInternal: {fileID: 0}
  m_GameObject: {fileID: 2086072506}
  m_Mesh: {fileID: 10209, guid: 0000000000000000e000000000000000, type: 0}
--- !u!4 &2086072510
Transform:
  m_ObjectHideFlags: 0
  m_PrefabParentObject: {fileID: 0}
  m_PrefabInternal: {fileID: 0}
  m_GameObject: {fileID: 2086072506}
  m_LocalRotation: {x: -.707344174, y: -3.69159969e-09, z: 2.92867175e-09, w: .706869304}
  m_LocalPosition: {x: -.333464205, y: 6.78000021, z: .492000014}
  m_LocalScale: {x: .0337856449, y: .0881998911, z: 1.4492389}
  m_Children: []
  m_Father: {fileID: 1957886374}
  m_RootOrder: 1
--- !u!1 &2088709515
GameObject:
  m_ObjectHideFlags: 0
  m_PrefabParentObject: {fileID: 0}
  m_PrefabInternal: {fileID: 0}
  serializedVersion: 4
  m_Component:
  - 4: {fileID: 2088709516}
  m_Layer: 0
  m_Name: NavNodes
  m_TagString: Untagged
  m_Icon: {fileID: 0}
  m_NavMeshLayer: 0
  m_StaticEditorFlags: 0
  m_IsActive: 1
--- !u!4 &2088709516
Transform:
  m_ObjectHideFlags: 0
  m_PrefabParentObject: {fileID: 0}
  m_PrefabInternal: {fileID: 0}
  m_GameObject: {fileID: 2088709515}
  m_LocalRotation: {x: 0, y: 0, z: 0, w: 1}
  m_LocalPosition: {x: 0, y: 0, z: 0}
  m_LocalScale: {x: 1, y: 1, z: 1}
  m_Children:
  - {fileID: 1480618802}
  - {fileID: 522527657}
  - {fileID: 2062534080}
  - {fileID: 2143439710}
  - {fileID: 76886557}
  - {fileID: 1905502692}
  - {fileID: 1999236211}
  - {fileID: 1878212614}
  - {fileID: 1239515616}
  - {fileID: 2018145028}
  - {fileID: 1826003328}
  - {fileID: 1231225796}
  m_Father: {fileID: 0}
  m_RootOrder: 5
--- !u!1001 &2130462573
Prefab:
  m_ObjectHideFlags: 0
  serializedVersion: 2
  m_Modification:
    m_TransformParent: {fileID: 2088709516}
    m_Modifications:
    - target: {fileID: 499210, guid: 7f69a2a8097384596ae1560ba3859fa4, type: 2}
      propertyPath: m_LocalPosition.x
      value: 8.42000008
      objectReference: {fileID: 0}
    - target: {fileID: 499210, guid: 7f69a2a8097384596ae1560ba3859fa4, type: 2}
      propertyPath: m_LocalPosition.y
      value: 6.55000019
      objectReference: {fileID: 0}
    - target: {fileID: 499210, guid: 7f69a2a8097384596ae1560ba3859fa4, type: 2}
      propertyPath: m_LocalPosition.z
      value: -4.88399982
      objectReference: {fileID: 0}
    - target: {fileID: 499210, guid: 7f69a2a8097384596ae1560ba3859fa4, type: 2}
      propertyPath: m_LocalRotation.x
      value: 0
      objectReference: {fileID: 0}
    - target: {fileID: 499210, guid: 7f69a2a8097384596ae1560ba3859fa4, type: 2}
      propertyPath: m_LocalRotation.y
      value: 0
      objectReference: {fileID: 0}
    - target: {fileID: 499210, guid: 7f69a2a8097384596ae1560ba3859fa4, type: 2}
      propertyPath: m_LocalRotation.z
      value: 0
      objectReference: {fileID: 0}
    - target: {fileID: 499210, guid: 7f69a2a8097384596ae1560ba3859fa4, type: 2}
      propertyPath: m_LocalRotation.w
      value: 1
      objectReference: {fileID: 0}
    - target: {fileID: 499210, guid: 7f69a2a8097384596ae1560ba3859fa4, type: 2}
      propertyPath: m_RootOrder
      value: 11
      objectReference: {fileID: 0}
    - target: {fileID: 113000, guid: 7f69a2a8097384596ae1560ba3859fa4, type: 2}
      propertyPath: m_Name
      value: Tracknode (12)
      objectReference: {fileID: 0}
    - target: {fileID: 0}
      propertyPath: m_IsTrigger
      value: 1
      objectReference: {fileID: 0}
    m_RemovedComponents: []
  m_ParentPrefab: {fileID: 100100000, guid: 7f69a2a8097384596ae1560ba3859fa4, type: 2}
  m_IsPrefabParent: 0
--- !u!4 &2143439710 stripped
Transform:
  m_PrefabParentObject: {fileID: 499210, guid: 7f69a2a8097384596ae1560ba3859fa4, type: 2}
  m_PrefabInternal: {fileID: 2073264118}
